@Article{salpeter55,
author  = {Salpeter, Edwin E.},
journal = {The Astrophysical Journal},
title   = {The Luminosity Function and Stellar Evolution},
year    = {1955},
month   = jan,
pages   = {161},
volume  = {121},
adsnote = {Provided by the SAO/NASA Astrophysics Data System},
adsurl  = {https://ui.adsabs.harvard.edu/abs/1955ApJ...121..161S},
doi     = {10.1086/145971},
}

@Article{kroupa01,
  author        = {{Kroupa}, Pavel},
  journal       = {Montly Notices of the Royal Astronomical Society},
  title         = {On the variation of the initial mass function},
  year          = {2001},
  month         = apr,
  number        = {2},
  pages         = {231-246},
  volume        = {322},
  adsnote       = {Provided by the SAO/NASA Astrophysics Data System},
  adsurl        = {https://ui.adsabs.harvard.edu/abs/2001MNRAS.322..231K},
  archiveprefix = {arXiv},
  doi           = {10.1046/j.1365-8711.2001.04022.x},
  eprint        = {astro-ph/0009005},
  keywords      = {BINARIES: GENERAL, STARS: FORMATION, STARS: KINEMATICS, STARS: LUMINOSITY FUNCTION, MASS FUNCTION, GLOBULAR CLUSTERS: GENERAL, OPEN CLUSTERS AND ASSOCIATIONS: GENERAL, Astrophysics},
  primaryclass  = {astro-ph},
}

@Article{chabrier03,
  author        = {{Chabrier}, Gilles},
  journal       = {The Astrophysical Journal Letters},
  title         = {{The Galactic Disk Mass Function: Reconciliation of the Hubble Space Telescope and Nearby Determinations}},
  year          = {2003},
  month         = apr,
  number        = {2},
  pages         = {L133-L136},
  volume        = {586},
  adsnote       = {Provided by the SAO/NASA Astrophysics Data System},
  adsurl        = {https://ui.adsabs.harvard.edu/abs/2003ApJ...586L.133C},
  archiveprefix = {arXiv},
  doi           = {10.1086/374879},
  eprint        = {astro-ph/0302511},
  keywords      = {Galaxy: Stellar Content, Stars: Low-Mass, Brown Dwarfs, Stars: Luminosity Function, Mass Function, Astrophysics},
  primaryclass  = {astro-ph},
}

@Article{cote17,
  author        = {{C{\^o}t{\'e}}, Benoit and {O'Shea}, Brian W. and {Ritter}, Christian and {Herwig}, Falk and {Venn}, Kim A.},
  journal       = {The Astrophysical Journal},
  title         = {The Impact of Modeling Assumptions in Galactic Chemical Evolution Models},
  year          = {2017},
  month         = feb,
  number        = {2},
  pages         = {128},
  volume        = {835},
  adsnote       = {Provided by the SAO/NASA Astrophysics Data System},
  adsurl        = {https://ui.adsabs.harvard.edu/abs/2017ApJ...835..128C},
  archiveprefix = {arXiv},
  doi           = {10.3847/1538-4357/835/2/128},
  eid           = {128},
  eprint        = {1604.07824},
  keywords      = {galaxies: dwarf, galaxies: evolution, methods: statistical, stars: abundances, Astrophysics - Astrophysics of Galaxies},
  primaryclass  = {astro-ph.GA},
}

@article{Zinner2007,
title = {NanoSIMS isotopic analysis of small presolar grains: Search for Si3N4 grains from AGB stars and Al and Ti isotopic compositions of rare presolar SiC grains},
journal = {Geochimica et Cosmochimica Acta},
volume = {71},
number = {19},
pages = {4786-4813},
year = {2007},
issn = {0016-7037},
doi = {https://doi.org/10.1016/j.gca.2007.07.012},
url = {https://www.sciencedirect.com/science/article/pii/S0016703707004280},
author = {Ernst Zinner and Sachiko Amari and Robert Guinness and Cristine Jennings and Aaron F. Mertz and Ann N. Nguyen and Roberto Gallino and Peter Hoppe and Maria Lugaro and Larry R. Nittler and Roy S. Lewis}
}

@article{Lugaro1999,
doi = {10.1086/308078},
url = {https://dx.doi.org/10.1086/308078},
year = {1999},
month = {dec},
publisher = {},
volume = {527},
number = {1},
pages = {369},
author = {Maria Lugaro and Ernst Zinner and Roberto Gallino and Sachiko Amari},
title = {Si Isotopic Ratios in Mainstream Presolar SiC Grains Revisited},
journal = {The Astrophysical Journal},
}

@article{Clayton1997,
doi = {10.1086/310768},
url = {https://dx.doi.org/10.1086/310768},
year = {1997},
month = {jul},
publisher = {},
volume = {484},
number = {1},
pages = {L67},
author = {D. D. Clayton},
title = {Placing the Sun and Mainstream SiC Particles in Galactic Chemodynamic Evolution},
journal = {The Astrophysical Journal}
}

@article{Timmes_1996,
doi = {10.1086/178102},
url = {https://dx.doi.org/10.1086/178102},
year = {1996},
month = {dec},
publisher = {},
volume = {472},
number = {2},
pages = {723},
author = {F. X. Timmes and D. D. Clayton},
title = {Galactic Evolution of Silicon Isotopes: Application to Presolar SiC Grains from Meteorites},
journal = {The Astrophysical Journal}
}

@article{Hoppe_2009,
doi = {10.1088/0004-637X/691/1/L20},
url = {https://dx.doi.org/10.1088/0004-637X/691/1/L20},
year = {2009},
month = {dec},
publisher = {The American Astronomical Society},
volume = {691},
number = {1},
pages = {L20},
author = {Peter Hoppe and Jan Leitner and Bradley S. Meyer and Lih-Sin The and Maria Lugaro and Sachiko Amari},
title = {AN UNUSUAL PRESOLAR SILICON CARBIDE GRAIN FROM A SUPERNOVA: IMPLICATIONS FOR THE PRODUCTION OF SILICON-29 IN TYPE II SUPERNOVAE},
journal = {The Astrophysical Journal}
}

@article{Ritter_2018,
	doi = {10.1093/mnras/sty1729},
	url = {https://doi.org/10.1093\%2Fmnras\%2Fsty1729},
  
	year = {2018},
	month = {jun},
  
	publisher = {Oxford University Press ({OUP})},
  
	volume = {480},
  
	number = {1},
  
	pages = {538--571},
  
	author = {C Ritter and F Herwig and S Jones and M Pignatari and C Fryer and R Hirschi},
  
	title = {{NuGrid} stellar data set {\textendash} {II}. Stellar yields from H to Bi for stellar models with {MZAMS}~= 1{\textendash}25~M$\odot$ and Z~= 0.0001{\textendash}0.02},
  
	journal = {Monthly Notices of the Royal Astronomical Society}
}

@article{Pignatari_2016,
	doi = {10.3847/0067-0049/225/2/24},
  
	url = {https://doi.org/10.3847\%2F0067-0049\%2F225\%2F2\%2F24},
  
	year = 2016,
	month = {aug},
  
	publisher = {American Astronomical Society},
  
	volume = {225},
  
	number = {2},
  
	pages = {24},
  
	author = {M. Pignatari and F. Herwig and R. Hirschi and M. Bennett and G. Rockefeller and C. Fryer and F. X. Timmes and C. Ritter and A. Heger and S. Jones and U. Battino and A. Dotter and R. Trappitsch and S. Diehl and U. Frischknecht and A. Hungerford and G. Magkotsios and C. Travaglio and P. Young},
  
	title = {{NUGRID} {STELLAR} {DATA} {SET}. I. {STELLAR} {YIELDS} {FROM} H {TO} {BI} {FOR} {STARS} {WITH} {METALLICITIES}
		                    $\less$i$\greater$Z$\less$/i$\greater$
		                    = 0.02 and
		                    $\less$i$\greater$Z$\less$/i$\greater$
		                    = 0.01},
  
	journal = {The Astrophysical Journal Supplement Series}
}

@article{Paxton_2011,
doi = {10.1088/0067-0049/192/1/3},
url = {https://dx.doi.org/10.1088/0067-0049/192/1/3},
year = {2010},
month = {dec},
publisher = {The American Astronomical Society},
volume = {192},
number = {1},
pages = {3},
author = {Bill Paxton and Lars Bildsten and Aaron Dotter and Falk Herwig and Pierre Lesaffre and Frank Timmes},
title = {MODULES FOR EXPERIMENTS IN STELLAR ASTROPHYSICS (MESA)}
}

@article{Fryer_2012,
	doi = {10.1088/0004-637x/749/1/91},
  
	url = {https://doi.org/10.1088\%2F0004-637x\%2F749\%2F1\%2F91},
  
	year = 2012,
	month = {mar},
  
	publisher = {American Astronomical Society},
  
	volume = {749},
  
	number = {1},
  
	pages = {91},
  
	author = {Chris L. Fryer and Krzysztof Belczynski and Grzegorz Wiktorowicz and Michal Dominik and Vicky Kalogera and Daniel E. Holz},
  
	title = {{COMPACT} {REMNANT} {MASS} {FUNCTION}: {DEPENDENCE} {ON} {THE} {EXPLOSION} {MECHANISM} {AND} {METALLICITY}
},
  
	journal = {The Astrophysical Journal}
}

@article{Cote_2018,
	doi = {10.3847/1538-4357/aabe8f},
  
	url = {https://doi.org/10.3847\%2F1538-4357\%2Faabe8f},
  
	year = 2018,
	month = {may},
  
	publisher = {American Astronomical Society},
  
	volume = {859},
  
	number = {1},
  
	pages = {67},
  
	author = {Benoit C{\^{o}}t{\'{e}} and Devin W. Silvia and Brian W. O'Shea and Britton Smith and John H. Wise},
  
	title = {Validating Semi-analytic Models of High-redshift Galaxy Formation Using Radiation Hydrodynamical Simulations},
  
	journal = {The Astrophysical Journal}
}

@article{Cote_2017,
	doi = {10.3847/1538-4357/835/2/128},
  
	url = {https://doi.org/10.3847\%2F1538-4357\%2F835\%2F2\%2F128},
  
	year = 2017,
	month = {jan},
  
	publisher = {American Astronomical Society},
  
	volume = {835},
  
	number = {2},
  
	pages = {128},
  
	author = {Benoit C{\^{o}}t{\'{e}} and Brian W. O'Shea and Christian Ritter and Falk Herwig and Kim A. Venn},
  
	title = {The Impact of Modeling Assumptions in Galactic Chemical Evolution Models},
  
	journal = {The Astrophysical Journal}
}

@article{stephan_20,
    author = {T. Stephan and M. Bose and A. Boujibar and A. M. Davis and  et al.}, 
    year = {2020}, 
    journal = {51st Lunar and Planetary Science Conference}, 
    volume = {Abstract \#2140}
}





